@MISC{Python_2012,
  author =       {Python3.2.3},
  title =        {Python Programming Language},
  howpublished = {\url{http://docs.python.org/py3k/}},
  year =         {2012},
  month =        {Apr.},
  note =         {},
  abstract =     {},
  keywords =     {},
  source =       {},
}

@MISC{ciberduvidas,
  author =       {ISCTE},
  title =        {Ciberdúvidas da Língua Portuguesa},
  howpublished = {\url{https://ciberduvidas.iscte-iul.pt/}},
  year =         {site},
  month =        {},
  note =         {},
  abstract =     {},
  keywords =     {},
  source =       {},
}

@MISC{MarketplaceSim_2025,
  author       = {Marketplace Simulations},
  title        = {International Corporate Management Bikes},
  howpublished = {\url{https://www.marketplace-simulation.com/international-corporate-management-bikes-demo/}},
  year         = {2025},
  month        = {Apr.},
  abstract     = {},
  keywords     = {},
  source       = {},
}

@MISC{FUC_ISCAL_2025,
  author       = {Instituto Superior de Contabilidade e Administração de Lisboa},
  title        = {FUC: Unidade Curricular, Projeto de Simulação em Negócios Internacionais},
  howpublished = {\url{https://www.iscal.ipl.pt/sites/default/files/FUC_202425_885105.pdf}},
  year         = {2025},
  month        = {Apr.},
  abstract     = {},
  keywords     = {},
  source       = {},
}

@MISC{git,
  author       = {Git Contributors},
  title        = {Git: Distributed Version Control System},
  howpublished = {\url{https://git-scm.com/}},
  year         = {2025},
  month        = {Apr.},
  abstract     = {},
  keywords     = {},
  source       = {}
}

@MISC{github,
  author       = {GitHub, Inc.},
  title        = {GitHub: Where the world builds software},
  howpublished = {\url{https://github.com/}},
  year         = {2025},
  month        = {Apr.},
  abstract     = {},
  keywords     = {},
  source       = {}
}

@MISC{notion,
  author       = {Notion Labs, Inc.},
  title        = {Notion: All-in-one workspace},
  howpublished = {\url{https://www.notion.so/}},
  year         = {2025},
  month        = {Apr.},
  abstract     = {},
  keywords     = {},
  source       = {}
}

@MISC{vscode,
  author       = {Microsoft Corporation},
  title        = {Visual Studio Code},
  howpublished = {\url{https://code.visualstudio.com/}},
  year         = {2025},
  month        = {Apr.},
  abstract     = {},
  keywords     = {},
  source       = {}
}